<record xmlns="http://www.loc.gov/MARC21/slim" xmlns:xsi="http://www.w3.org/2001/XMLSchema-instance" xsi:schemaLocation="http://www.loc.gov/MARC21/slim http://www.loc.gov/standards/marcxml/schema/MARC21slim.xsd"><leader>01929nam a2200325   4500</leader><controlfield tag="001">1681323</controlfield><controlfield tag="003">NIC</controlfield><controlfield tag="006">m        d        </controlfield><controlfield tag="007">cr cn |||m|||a</controlfield><controlfield tag="008">150223q19201930sy      o     000 0 ara d</controlfield><datafield ind1=" " ind2=" " tag="040"><subfield code="a">NNU</subfield><subfield code="b">eng</subfield><subfield code="c">NNU</subfield></datafield><datafield ind1="0" ind2="3" tag="245"><subfield code="6">880-01</subfield><subfield code="a">al-Riwa&#772;ya&#772;t al-shi&#699;ri&#772;yah</subfield><subfield code="h">[electronic resource] :</subfield><subfield code="b">alla&#772;ti&#772; yunshiduha&#772; fi&#772; Mis&#803;r al-a&#772;n al-bulbul al-ghirri&#772;d al-usta&#772;dh al-shaykh Sala&#772;mah H&#803;ija&#772;zi&#772;.</subfield></datafield><datafield ind1=" " ind2=" " tag="250"><subfield code="6">880-02</subfield><subfield code="a">al-T&#803;ab&#699;ah 1.</subfield></datafield><datafield ind1=" " ind2=" " tag="260"><subfield code="6">880-03</subfield><subfield code="a">[Bayru&#772;t], al-Sha&#772;m :</subfield><subfield code="b">Mat&#803;ba&#699;at al-Is&#803;la&#772;h&#803;,</subfield><subfield code="c">[1920-1930]</subfield></datafield><datafield ind1=" " ind2=" " tag="300"><subfield code="a">online resource (16 p.)</subfield></datafield><datafield ind1=" " ind2=" " tag="500"><subfield code="a">Part of the Arabic Collections Online (ACO) project, contributed by Cornell University Libraries.</subfield></datafield><datafield ind1="0" ind2=" " tag="505"><subfield code="a">Riwa&#772;yat al-t&#803;iflayn / Khali&#772;l Mat&#803;ra&#772;n -- al-Nasi&#772;m al-&#699;as&#772;hiq / Ilya&#772;s Fayya&#772;d&#803; -- Ana&#772; wa-al-h&#803;abi&#772;bah / T&#803;a&#772;nyu&#772;s &#699;Abduh.</subfield></datafield><datafield ind1=" " ind2=" " tag="533"><subfield code="a">Electronic reproduction.</subfield><subfield code="b">New York, N.Y. :</subfield><subfield code="c">New York University,</subfield><subfield code="d">2015.</subfield><subfield code="5">NNU</subfield></datafield><datafield ind1="1" ind2=" " tag="700"><subfield code="6">880-04</subfield><subfield code="a">Sala&#772;mah H&#803;ija&#772;zi&#772;,</subfield><subfield code="c">al-Shaykh,</subfield><subfield code="d">1852-1917.</subfield></datafield><datafield ind1="2" ind2=" " tag="710"><subfield code="a">Cornell University.</subfield><subfield code="b">Libraries.</subfield></datafield><datafield ind1="0" ind2=" " tag="730"><subfield code="a">Arabic Collections Online.</subfield></datafield><datafield ind1="0" ind2="8" tag="776"><subfield code="i">Online version:</subfield><subfield code="t">Riwa&#772;ya&#772;t al-shi&#699;ri&#772;yah.</subfield><subfield code="b">al-T&#803;ab&#699;ah 1.</subfield><subfield code="d">[Bayru&#772;t], al-Sha&#772;m : Mat&#803;ba&#699;at al-Is&#803;la&#772;h&#803;, [1920-1930]</subfield><subfield code="w">(OCoLC)855510009</subfield></datafield><datafield ind1="0" ind2="8" tag="776"><subfield code="i">Print version:</subfield><subfield code="t">al-Riwa&#772;ya&#772;t al-shi&#699;ri&#772;yah</subfield><subfield code="w">(NIC)1681323</subfield><subfield code="w">(OCoLC)63979452</subfield></datafield><datafield ind1="4" ind2="0" tag="856"><subfield code="u">http://hdl.handle.net/2333.1/mpg4f6z7</subfield></datafield><datafield ind1="0" ind2="2" tag="880"><subfield code="6">245-01/r</subfield><subfield code="a">&#1575;&#1604;&#1585;&#1608;&#1575;&#1610;&#1575;&#1578; &#1575;&#1604;&#1588;&#1593;&#1585;&#1610;&#1577; :</subfield><subfield code="b">&#1575;&#1604;&#1578;&#1610; &#1610;&#1606;&#1588;&#1583;&#1607;&#1575; &#1601;&#1610; &#1605;&#1589;&#1585; &#1575;&#1604;&#1575;&#1606; &#1575;&#1604;&#1576;&#1604;&#1576;&#1604; &#1575;&#1604;&#1594;&#1585;&#1610;&#1583; &#1575;&#1604;&#1575;&#1587;&#1578;&#1575;&#1584; &#1575;&#1604;&#1588;&#1610;&#1582; &#1587;&#1604;&#1575;&#1605;&#1577; &#1581;&#1580;&#1575;&#1586;&#1610;.</subfield></datafield><datafield ind1=" " ind2=" " tag="880"><subfield code="6">250-02/r</subfield><subfield code="a">&#1575;&#1604;&#1591;&#1576;&#1593;&#1577; 1.</subfield></datafield><datafield ind1=" " ind2=" " tag="880"><subfield code="6">260-03/r</subfield><subfield code="a">[&#1576;&#1610;&#1585;&#1608;&#1578;]&#1548; &#1575;&#1604;&#1588;&#1575;&#1605; :</subfield><subfield code="b">&#1605;&#1591;&#1576;&#1593;&#1577; &#1575;&#1604;&#1575;&#1589;&#1604;&#1575;&#1581;&#1548;</subfield><subfield code="c">[1920-1930]</subfield></datafield><datafield ind1="1" ind2=" " tag="880"><subfield code="6">700-04/r</subfield><subfield code="a">&#1587;&#1604;&#1575;&#1605;&#1577; &#1581;&#1580;&#1575;&#1586;&#1610;&#1548;</subfield><subfield code="c">&#1575;&#1604;&#1588;&#1610;&#1582;&#1548;</subfield><subfield code="d">1852-1917.</subfield></datafield><datafield ind1=" " ind2=" " tag="959"><subfield code="a">NNU</subfield><subfield code="b">WEB</subfield><subfield code="c">GENI</subfield><subfield code="t">0</subfield><subfield code="m">Electronic access</subfield><subfield code="s">01</subfield></datafield><datafield ind1=" " ind2=" " tag="999"><subfield code="i">NIC_1681323</subfield><subfield code="o">(OCoLC)ocm63979452</subfield><subfield code="e">ok</subfield><subfield code="s">cornell_aco000021</subfield></datafield></record>